@article{mccombs:1972,
  title={The Agenda-Setting Function of Mass Media},
  author={Maxwell E. McCombs and Donald L. Shaw},
  journal={The Public Opinion Quarterly},
  volume={36},
  number={2},
  pages={176--187},
  year={1972},
  publisher={Oxford University Press}
}

@article{iyengar:1987,
  title={News that matters: Television and American opinion},
  author={Iyengar, S. and Kinder, D. R.},
  year={1987},
  publisher={University of Chicago Press}
}

@article{greseclose:2005,
  title={A measure of media bias},
  author={Groseclose, T. and Milyo, J.},
  journal={Quarterly Journal of Economics},
  volume={120},
  number={4},
  pages={1191--1237},
  year={2005},
}

@article{price:1997,
  title={News values and public opinion: A new look at agenda-setting},
  author={Price, V. and Tewksbury, D. },
  journal={Communication Research},
  volume={24},
  number={5},
  pages={577--594},
}

@phdthesis{mazon:2023,
    author ={Pablo Rey-Maz√≥n} ,
    title = {COLOR OF CORRUPTION. Visual evidence of agenda-setting in a complex mass media ecosystem},
    school ={Universitat Oberta de Catalunya} ,
    year = {2023}
}





%Groseclose, T., & Milyo, J. (2005). A measure of media bias. Quarterly Journal of Economics, 120(4), 1191-1237.
%Iyengar, S., & Kinder, D. R. (1987). News that matters: Television and American opinion. Chicago, IL: University of Chicago Press.
%Price, V., & Tewksbury, D. (1997). News values and public opinion: A new look at agenda-setting. Communication Research, 24(5), 577-594.